@article{Delalande1998,
	author={François Delalande},
	title={Music analysis and reception behaviours: Sommeil by Pierre Henry},
	journal={Journal of New Music Research},
	volume={27},
	number={1-2},
	doi={10.1080/09298219808570738},
	year={1998}
}

@article{Thomassen,
	author={Bjørn Thomassen},
	title={The Uses and Meanings of Liminality},
	journal={International Political Anthropology},
	volume={2},
	number={1},
	pages={5-27},
	year={2009}
}

@article{ArthurCClarkeMagic,
	author={Arthur C. Clarke},
	title={Clarke's Third Law on UFO's},
	journal={Science},
	volume={159},
	doi={10.1126/science.159.3812.255-b},
	year={1968}
}

@podcast{LaMemeYoung,
	author={Max Alper and Jessica Ekomane},
	title={THE JESSICA EKOMANE TALK},
	note={[Podcast]},
	year={2021}
}

@book{JoannaDemers,
	author={Joanna Demers},
	title={Listening Through the Noise: The Aesthetic of Experimental Music},
	publisher={Oxford University Press},
	address={New York and Oxford},
	doi={10.1093/acprof:oso/9780195387650.001.0001},
	year={2010}
}

@mastersthesis{LinusHillborg,
	author={Linus Hillborg},
	title={Återbruk och återgivning},
	school={Kungliga Musikhögskolan},
	year={2021}
}

@book{PierreSchaeffer,
	author={Pierre Schaeffer},
	title={Traité des Objets Musicaux},
	publisher={Édition du Seuil},
	address={Paris},
	year={1966}
}

@book{TrevorWishart,
	author={Trevor Wishart and Simon Emmerson},
	title={On Sonic Art},
	publisher={Routledge},
	address={New York},
	doi={10.4324/9781315077895},
	year={1996}
}

@book{Gennep,
	author={Arnold van Gennep},
	title={The Rites of Passage},
	address={Chicago},
	publisher={The University of Chicago Press},
	year={1977}
}

@article{Arpad,
	author={Arpad Szakolczai},
	title={Liminality and Experience},
	journal={International Political Anthropology},
	volume={2},
	number={1},
	year={2009}
}

@book{Fisher,
	author={Mark Fisher},
	title={The Weird and the Eerie},
	address={London},
	publisher={Repeater Books},
	doi={10.1080/0950236X.2017.1358704},
	year={2016}
}

@audiothesis{onvanishingland,
	author={Mark Fisher and Justin Barton},
	title={On Vanishing Land},
	note={[Audio Essay]},
	publisher={Hyperdub},
	year={2019},
}

@incollection{Eno,
	author={Brian Eno},
	title={Ambient Music},
	booktitle={Audio Culture},
	editor={Christoph Cox and Daniel Warner},
	address={New York}, 
	publisher={Bloomsbury Publishing},
	isbn={9781501318368},
	year={2017}
}
	
@music{Airports,
	author={Brian Eno},
	title={Ambient 1, Music For Airports},
	publisher={Polydor},
	year={1978},
	note={[Musik]}
}

@music{Basinski,
	author={William Basinski},
	title={The Disintegration Loops},
	publisher={2062},
	year={2002},
	note={[Musik]}
}

@music{Lucier,
	author={Alvin Lucier},
	title={I am sitting in a room},
	year={1969},
	note={[Musik]}
}

@music{EnoLand,
	author={Brian Eno},
	title={Ambient 4: On Land},
	publisher={EG},
	year={1982},
	note={[Musik]}
}

@music{Tavlor,
	author={Modest Petrovich Mussorgsky},
	title={Tavlor på en utställning},
	year={1874},
	note={[Musik]}
}


@online{sc,
	author={SuperCollider},
	url={https://supercollider.github.io}
}

@online{dsp,
	author={Digital signalprocessering},
	url={https://en.wikipedia.org/wiki/Digital_signal_processor}
}

@online{rpi,
	author={Raspberry Pi},
	url={https://www.raspberrypi.com/}
}

@online{unix,
	author={Unix-shell},
	url={https://en.wikipedia.org/wiki/Unix_shell}
}

@online{303,
	author={TB303 Roland},
	url={https://www.vintagesynth.com/roland/303.php}
}

@online{gas,
	author={G.A.S. Gear Acquisition Syndrome},
	url={https://en.wiktionary.org/wiki/gear_acquisition_syndrome}

}

@online{kalkatraz,
	author={{Kalkatraz Cassettes}},
	url={https://kalkatrazcassettes.bandcamp.com}
}

@online{midi,
	author={Midi},
	url={https://midi.org}
}

@online{qpas,
	author={{Quad Peak Animation System}},
	url={https://makenoisemusic.com/modules/qpas}
}

@online{mickeymouse,
	author={{Mickey Mousing}},
	url={https://en.wikipedia.org/wiki/Mickey_Mousing}
}

@online{waveshaper,
	author={Waveshaper},
	url={en.wikipedia.org/wiki/waveshaper}
}

@online{zoom,
	author={{Zoom H6}},
	url={https://zoomcorp.com/en/us/handheld-recorders/handheld-recorders/h6-audio-recorder}
}

@online{fft,
	author={{Snabb fouriertransform}},
	url={https://sv.wikipedia.org/wiki/Snabb_fouriertransform}
}

@online{dwg,
	author={{DWG, Supercollider Quark}},
	url={https://doc.sccode.org/classes/dwgbowedtor.html}
}
@online{ctrl,
	author={Kontrollstrukturer},
	url={https://doc.sccode.org/Reference/Control-Structures.html}
}

@online{dc,
	author={{DC offset}},
	url={https://en.wikipedia.org/wiki/DC_bias}
}

@misc{webster,
	author={Mariam-Webster},
	url={https://www.merriam-webster.com/dictionary/extramusical},
}

@misc{oxford,
	author={{Oxford English Dictionary}},
	url={https://www.lexico.com/definition/acousmatic}
}
